% ICSE 2012: WitchDoctor: IDE support for real-time auto-completion of refactorings

@PhdThesis{HaRe,
  title = {Refactoring Haskell Programs},
  author = {Li, Huiqing},
  year = {2006},
  school = {University of Kent}
}

@Article{Proteus,
  title = {High-fidelity {C}/{C}++ code transformation},
  author = {Waddington, Daniel G and Yao, Bin},
  journal = {Electronic Notes in Theoretical Computer Science},
  volume = {141},
  number = {4},
  pages = {35--36},
  year = {2005},
  publisher = {Elsevier}
}

@Article{RefactorErl,
  title = {Layout Preserving Parser for Refactoring in {E}rlang},
  author = {Róbert Kitlei and László Lövei and Tamás Nagy and Zoltán Horváth and Tamás Kozsik},
  journal = {Acta Electrotechnica et Informatica},
  year = {2009},
  month = {July},
  volume = {9},
  number = {3},
  pages = {54--63}
}

@InProceedings{Tamer,
  author = {Dubrau, Anton Willy and Hendren, Laurie Jane},
  title = {Taming {MATLAB}},
  booktitle = {Proceedings of the ACM international conference on Object oriented programming systems languages and applications},
  series = {OOPSLA '12},
  year = {2012},
  isbn = {978-1-4503-1561-6},
  location = {Tucson, Arizona, USA},
  pages = {503--522},
  numpages = {20},
  acmid = {2384653},
  publisher = {ACM},
  address = {New York, NY, USA},
  keywords = {MATLAB, analysis framework, interprocedural value analysis, static compilation},
}

@InProceedings{AbstractionsForDynamicAnalysis,
  author = {Marcus Denker and Orla Greevy and Michele Lanza},
  title = {Higher abstractions for dynamic analysis},
  booktitle = {In 2nd International Workshop on Program Comprehension through Dynamic Analysis (PCODA 2006)},
  year = {2006},
  pages = {32--38}
}

@InCollection{AlgorithmForLayoutPreservation,
  year = {2012},
  isbn = {978-3-642-28829-6},
  booktitle = {Software Language Engineering},
  volume = {6940},
  series = {Lecture Notes in Computer Science},
  editor = {Sloane, Anthony and Aßmann, Uwe},
  title = {An Algorithm for Layout Preservation in Refactoring Transformations},
  publisher = {Springer Berlin Heidelberg},
  author = {de Jonge, Maartje and Visser, Eelco},
  pages = {40-59},
  language = {English}
}

@InProceedings{ApplicationOnlyCallGraphConstruction,
  author = {Ali, Karim and Lhot\'{a}k, Ond\v{r}ej},
  title = {Application-Only Call Graph Construction},
  booktitle = {Proceedings of the 26th European Conference on Object-Oriented Programming},
  series = {ECOOP'12},
  year = {2012},
  isbn = {978-3-642-31056-0},
  location = {Beijing, China},
  pages = {688--712},
  numpages = {25},
  acmid = {2367205},
  publisher = {Springer-Verlag},
  address = {Berlin, Heidelberg},
}

@Article{SurveyProgramComprehensionDynamicAnalysis,
  author = {Cornelissen, B. and Zaidman, A and van Deursen, A and Moonen, L. and Koschke, R.},
  journal = {Software Engineering, IEEE Transactions on},
  title = {A Systematic Survey of Program Comprehension through Dynamic Analysis},
  year = {2009},
  month = {Sept},
  volume = {35},
  number = {5},
  pages = {684-702},
}

@InProceedings{TheEvalThatMenDo,
  author = {Richards, Gregor and Hammer, Christian and Burg, Brian and Vitek, Jan},
  title = {The Eval That Men Do: A Large-scale Study of the Use of Eval in {J}ava{S}cript Applications},
  booktitle = {Preceedings of the 25th European Conference on Object-oriented Programming},
  series = {ECOOP'11},
  year = {2011},
  isbn = {978-3-642-22654-0},
  location = {Lancaster, UK},
  pages = {52--78},
  numpages = {27},
  publisher = {Springer-Verlag},
  address = {Berlin, Heidelberg},
}

@InProceedings{DynamicBehaviorJavaScript,
  author = {Richards, Gregor and Lebresne, Sylvain and Burg, Brian and Vitek, Jan},
  title = {An Analysis of the Dynamic Behavior of {J}ava{S}cript Programs},
  booktitle = {Proceedings of the 2010 ACM SIGPLAN Conference on Programming Language Design and Implementation},
  series = {PLDI '10},
  year = {2010},
  isbn = {978-1-4503-0019-3},
  location = {Toronto, Ontario, Canada},
  pages = {1--12},
  numpages = {12},
  acmid = {1806598},
  publisher = {ACM},
  address = {New York, NY, USA},
  keywords = {dynamic behavior, dynamic metrics, execution tracing, javascript, program analysis},
}

@InProceedings{ProfileGuidedStaticTyping,
  author = {Michael Furr and Jong-hoon (David) An and Jeffrey S. Foster},
  title = {Profile-guided static typing for dynamic scripting languages},
  booktitle = {OOPSLA},
  year = {2009},
  pages = {283-300},
}

@MastersThesis{SoroushThesis,
  title = {Understanding and Refactoring the {MATLAB} Language},
  author = {Radpour, Soroush},
  publisher = {McGill University},
  year = {2012},
  month = {August},
}

@InProceedings{KindAnalysis,
  author = {Doherty, Jesse and Hendren, Laurie and Radpour, Soroush},
  title = {Kind Analysis for {MATLAB}},
  booktitle = {Proceedings of the 2011 ACM International Conference on Object Oriented Programming Systems Languages and Applications},
  series = {OOPSLA '11},
  isbn = {978-1-4503-0940-0},
  pages = {99--118},
  numpages = {20},
  publisher = {ACM},
}

@InProceedings{OptimizingFeval,
  author = {Lameed, Nurudeen A. and Hendren, Laurie J.},
  title = {Optimizing {MATLAB} Feval with Dynamic Techniques},
  booktitle = {Proceedings of the 9th Symposium on Dynamic Languages},
  series = {DLS '13},
  year = {2013},
  isbn = {978-1-4503-2433-5},
  location = {Indianapolis, Indiana, USA},
  pages = {85--96},
  numpages = {12},
  acmid = {2508174},
  publisher = {ACM},
  address = {New York, NY, USA},
  keywords = {dynamic optimization, feval, jit compilation, llvm, matlab, mcjit},
}

@InProceedings{JSMeter,
  author = {Ratanaworabhan, Paruj and Livshits, Benjamin and Zorn, Benjamin G.},
  title = {{JSM}eter: Comparing the Behavior of {J}ava{S}cript Benchmarks with Real Web Applications},
  booktitle = {Proceedings of the 2010 USENIX Conference on Web Application Development},
  series = {WebApps'10},
  year = {2010},
  location = {Boston, MA},
  pages = {3--3},
  numpages = {1},
  acmid = {1863169},
  publisher = {USENIX Association},
  address = {Berkeley, CA, USA},
}

@InProceedings{ApproximateCallGraphsIDEServices,
  author = {Feldthaus, Asger and Sch\"{a}fer, Max and Sridharan, Manu and Dolby, Julian and Tip, Frank},
  title = {Efficient Construction of Approximate Call Graphs for {J}ava{S}cript {IDE} Services},
  booktitle = {Proceedings of the 2013 International Conference on Software Engineering},
  series = {ICSE '13},
  year = {2013},
  isbn = {978-1-4673-3076-3},
  location = {San Francisco, CA, USA},
  pages = {752--761},
  numpages = {10},
  acmid = {2486887},
  publisher = {IEEE Press},
  address = {Piscataway, NJ, USA},
}

@InProceedings{TaintAnalysisForJavaScript,
  author = {Wei, Shiyi and Ryder, Barbara G.},
  title = {Practical Blended Taint Analysis for {J}ava{S}cript},
  booktitle = {Proceedings of the 2013 International Symposium on Software Testing and Analysis},
  series = {ISSTA 2013},
  year = {2013},
  isbn = {978-1-4503-2159-4},
  location = {Lugano, Switzerland},
  pages = {336--346},
  numpages = {11},
  acmid = {2483788},
  publisher = {ACM},
  address = {New York, NY, USA},
  keywords = {JavaScript, program analysis, taint analysis},
}
